@BOOK{b:GiS:2013,
   title = {Grafy i sieci},
   publisher = {Wydawnictwo Naukowe PWN},
   author = {J.~Wojciechowski, K.~Pie≈Ñkosz},
   year = {2013},
   address = {Warszawa}
}
@BOOK{b:AlgKomb:1985,
   title = {Algorytmy kombinatoryczne},
   publisher = {Wydawnictwo Naukowe PWN},
   author = {E.M.~Reingold, J.~Nievergelt, N.~Deo},
   year = {1985},
   address = {Warszawa}
}
